
@book{rezek_direito_2024,
	address = {São Paulo},
	edition = {19},
	title = {Direito internacional público},
	isbn = {978-85-536-2287-0},
	url = {https://integrada.minhabiblioteca.com.br/#/books/9788553622870/},
	language = {pt-BR},
	publisher = {SaraivaJur},
	author = {Rezek, Francisco},
	month = feb,
	year = {2024},
	keywords = {Direito, EDITORA SARAIVA, Saraiva, SARAIVAJUR},
}

@book{accioly_manual_2023,
	address = {São Paulo},
	edition = {26},
	title = {Manual de direito internacional público},
	isbn = {9786553625341},
	url = {https://integrada.minhabiblioteca.com.br/#/books/9786553624542/},
	language = {pt-BR},
	publisher = {SaraivaJur},
	author = {Accioly, Hildebrando and Silva, G. E. Do Nascimento E. and Casella, Paulo Borba},
	year = {2023},
	keywords = {Direito, CONSELHO DE SEGURANÇA, MINISTRO DAS RELAÇÕES EXTERIORES, ORGANIZAÇÕES INTERNACIONAIS},
}

@incollection{chimni_outline_2008,
	address = {Cambridge},
	title = {An outline of a marxist course on public international law},
	booktitle = {International law on the left: {Re}-examining {Marxist} legacies},
	publisher = {Cambridge University Press},
	author = {Chimni, B. S.},
	collaborator = {Marks, Susan},
	year = {2008},
	pages = {53--91},
}

@misc{brasil_decreto_2009,
	title = {Decreto nº 7030},
	url = {https://www.planalto.gov.br/ccivil_03/_ato2007-2010/2009/decreto/d7030.htm},
	abstract = {Promulga a Convenção de Viena sobre o Direito dos Tratados, concluída em 23 de maio de 1969, com reserva aos Artigos 25 e 66.},
	urldate = {2024-09-17},
	author = {Brasil},
	month = dec,
	year = {2009},
	file = {Decreto nº 7030:C\:\\Users\\l085826\\Zotero\\storage\\A3GAYFDR\\d7030.html:text/html},
}

@book{mendes_curso_2024,
	address = {Rio de Janeiro},
	edition = {19},
	title = {Curso de {Direito} {Constitucional}},
	isbn = {9786553629417},
	url = {https://integrada.minhabiblioteca.com.br/#/books/9786553629417/},
	language = {pt-BR},
	publisher = {Grupo GEN},
	author = {Mendes, Gilmar and Branco, Paulo Gustavo Gonet},
	month = feb,
	year = {2024},
	keywords = {Direito, EDITORA SARAIVA, Saraiva, SARAIVAJUR},
}

@book{dimoulis_curso_2016,
	title = {Curso de processo constitucional: controle de constitucionalidade e remédios constitucionais},
	isbn = {978-85-970060-5-6},
	shorttitle = {Curso de processo constitucional},
	url = {https://integrada.minhabiblioteca.com.br/#/books/9788597006056/},
	language = {pt-BR},
	publisher = {Atlas},
	author = {Dimoulis, Dimitri and Lunardi, Soraya},
	month = apr,
	year = {2016},
}

@book{moraes_direito_2023,
	address = {Rio de Janeiro},
	edition = {39},
	title = {Direito {Constitucional}},
	isbn = {9786559774944},
	url = {https://integrada.minhabiblioteca.com.br/#/books/9786559774944/},
	language = {pt-BR},
	publisher = {Grupo GEN},
	author = {Moraes, Alexandre de},
	month = may,
	year = {2023},
	keywords = {Direito, Jurídico},
}

@misc{brasil_constituicao_1988,
	title = {Constituição da {República} {Federativa} do {Brasil}},
	url = {https://www.planalto.gov.br/ccivil_03/constituicao/constituicao.htm},
	urldate = {2024-09-18},
	author = {{Brasil}},
	month = oct,
	year = {1988},
	file = {Constituição:C\:\\Users\\l085826\\Zotero\\storage\\YEMDSLBI\\constituicao.html:text/html},
}

@misc{brasil_lei_1999,
	title = {Lei nº 9.868, de 10 de novembro de 1999},
	url = {https://www.planalto.gov.br/ccivil_03/leis/l9868.htm},
	urldate = {2024-11-06},
	author = {{Brasil}},
	month = oct,
	year = {1999},
}

@book{padilha_como_2014,
	address = {São Paulo},
	title = {Como se preparar para 2ª fase: exame de ordem: constitucional},
	isbn = {978-85-309-6224-1},
	shorttitle = {Como se preparar para 2ª fase},
	language = {pt-BR},
	publisher = {Método},
	author = {Padilha, Rodrigo Corrêa},
	month = dec,
	year = {2014},
	keywords = {Direito},
}
