
@book{mendes_curso_2024,
	address = {Rio de Janeiro},
	edition = {19},
	title = {Curso de {Direito} {Constitucional}},
	isbn = {9786553629417},
	url = {https://integrada.minhabiblioteca.com.br/#/books/9786553629417/},
	language = {pt-BR},
	publisher = {Grupo GEN},
	author = {Mendes, Gilmar and Branco, Paulo Gustavo Gonet},
	month = feb,
	year = {2024},
	keywords = {Direito, EDITORA SARAIVA, Saraiva, SARAIVAJUR},
}

@book{dimoulis_curso_2016,
	title = {Curso de processo constitucional: controle de constitucionalidade e remédios constitucionais},
	isbn = {978-85-970060-5-6},
	shorttitle = {Curso de processo constitucional},
	url = {https://integrada.minhabiblioteca.com.br/#/books/9788597006056/},
	language = {pt-BR},
	publisher = {Atlas},
	author = {Dimoulis, Dimitri and Lunardi, Soraya},
	month = apr,
	year = {2016},
}

@book{moraes_direito_2023,
	address = {Rio de Janeiro},
	edition = {39},
	title = {Direito {Constitucional}},
	isbn = {9786559774944},
	url = {https://integrada.minhabiblioteca.com.br/#/books/9786559774944/},
	language = {pt-BR},
	publisher = {Grupo GEN},
	author = {Moraes, Alexandre de},
	month = may,
	year = {2023},
	keywords = {Direito, Jurídico},
}

@misc{brasil_constituicao_1988,
	title = {Constituição da {República} {Federativa} do {Brasil}},
	url = {https://www.planalto.gov.br/ccivil_03/constituicao/constituicao.htm},
	urldate = {2024-09-18},
	author = {{Brasil}},
	month = oct,
	year = {1988},
	file = {Constituição:C\:\\Users\\l085826\\Zotero\\storage\\YEMDSLBI\\constituicao.html:text/html},
}

@book{borba_dialogos_2020,
	address = {Salvador},
	edition = {7},
	title = {Diálogos sobre o {CPC}},
	isbn = {978-85-442-3366-5},
	language = {pt-BR},
	publisher = {Juspodivm},
	author = {Borba, Mozart},
	year = {2020},
}

@book{montans_de_sa_processo_2012,
	address = {São Paulo},
	title = {Processo civil {I}: teoria geral do processo},
	isbn = {978-85-02-17120-6},
	shorttitle = {Processo civil},
	language = {pt-BR},
	publisher = {Saraiva},
	author = {Montans de Sá, Renato and Freire, Rodrigo da Cunha Lima},
	year = {2012},
}

@book{assis_processo_2015,
	address = {São Paulo},
	edition = {1},
	title = {Processo civil brasileiro: parte geral: fundamentos e distribuição de conflitos},
	volume = {1},
	isbn = {978-85-203-6586-1},
	shorttitle = {Processo civil brasileiro},
	language = {pt-BR},
	publisher = {Revista dos Tribunais},
	author = {Assis, Araken de},
	month = jun,
	year = {2015},
	keywords = {Direito},
}

@misc{brasil_lei_2015,
	title = {Lei nº 13.105, de 16 de março de 2015},
	url = {https://www.planalto.gov.br/ccivil_03/_ato2015-2018/2015/lei/l13105.htm},
	abstract = {Código de Processo Civil},
	urldate = {2025-02-19},
	author = {{Brasil}},
	month = mar,
	year = {2015},
	file = {L13105:C\:\\Users\\l085826\\Zotero\\storage\\VNUV5AXF\\l13105.html:text/html},
}
