@book{mendes_curso_2024,
    url = {https://integrada.minhabiblioteca.com.br/#/books/9786553629417/},
    isbn = {9786553629417},
    year = {2024},
    month = {feb},
    title = {Curso de {Direito} {Constitucional} \{{Série} {IDP}\}},
    author = {Branco, Paulo Gustavo Gonet and Mendes, Gilmar},
    address = {Rio de Janeiro},
    edition = {19},
    keywords = {Direito, EDITORA SARAIVA, Saraiva, SARAIVAJUR},
    language = {pt-BR},
    publisher = {Grupo GEN}}

@book{dimoulis_curso_2016,
    isbn = {978-85-970060-5-6},
    year = {2016},
    month = {apr},
    title = {Curso de processo constitucional: controle de constitucionalidade e remédios
    constitucionais},
    author = {Dimoulis, Dimitri and Lunardi, Soraya},
    language = {pt-BR},
    publisher = {Atlas},
    shorttitle = {Curso de processo constitucional}}

@book{moraes_direito_2023,
    url = {https://integrada.minhabiblioteca.com.br/#/books/9786559774944/},
    isbn = {9786559774944},
    year = {2023},
    month = {may},
    title = {Direito {Constitucional}},
    author = {Moraes, Alexandre De},
    address = {Rio de Janeiro},
    edition = {39},
    keywords = {Direito, Jurídico},
    language = {pt-BR},
    publisher = {Grupo GEN}}

@misc{brasil_constituicao_1988,
    url = {https://www.planalto.gov.br/ccivil_03/constituicao/constituicao.htm},
    file = {Constituição:C\:\\Users\\l085826\\Zotero\\storage\\YEMDSLBI\\constituicao.html:text/html},
    year = {1988},
    month = {oct},
    title = {Constituição da {República} {Federativa} do {Brasil}},
    author = {{Brasil}},
    address = {Brasília},
    urldate = {2024-09-18}}

@book{padilha_oab_2015,
    isbn = {978-85-309-6224-1},
    year = {2015},
    title = {Como se preparar para a 2ª fase: constitucional},
    author = {Padilha, Rodrigo Corrêa},
    address = {São Paulo},
    edition = {5},
    keywords = {Direito, Jurídico},
    language = {pt-BR},
    publisher = {Método}}

@misc{brasil_lei9868_1999,
    url = {https://www.planalto.gov.br/ccivil_03/leis/l9868.htm},
    year = {1999},
    month = {oct},
    title = {Lei nº 9.868, de 10 de novembro de 1999},
    author = {{Brasil}},
    address = {Brasília},
    urldate = {2024-11-06}}

