@book{teste,
  author = {Autor Teste},
  title = {Livro de Teste},
  year = {2024},
  publisher = {Editora Teste}
}
